<?xml version="1.0" encoding="UTF-8"?><collection xmlns="http://www.loc.gov/MARC21/slim"><record><leader>00392nam--2200133-i-4500</leader><controlfield tag="001">000024043</controlfield><controlfield tag="002">20161230</controlfield><controlfield tag="005">20161230201035</controlfield><controlfield tag="008">060222s1000------------r-----000-0-eng-d</controlfield><datafield ind1=" " ind2=" " tag="020"><subfield code="a">MOSCOW, MIR PUBLISHERS, 1980, 335P</subfield></datafield><datafield ind1=" " ind2=" " tag="100"><subfield code="a">Gherasimov, V</subfield></datafield><datafield ind1=" " ind2=" " tag="245"><subfield code="a">Knyazkov, o</subfield></datafield><datafield ind1=" " ind2=" " tag="260"><subfield code="a">Krasnopolsky, A</subfield></datafield><datafield ind1=" " ind2=" " tag="490"><subfield code="a">Fundamentals Of Industrial Electronics. Translated From Russian By Boris V. Kuznetsov</subfield></datafield></record></collection>